@PREAMBLE{
 "\providecommand{\noopsort}[1]{}" 
 # "\providecommand{\singleletter}[1]{#1}%" 
}

@article{chadwick2011endf,
  title={ENDF/B-VII. 1 nuclear data for science and technology: cross sections, covariances, fission product yields and decay data},
  author={Chadwick, MB and Herman, M and Oblo{\v{z}}insk{\`y}, P and Dunn, Michael E and Danon, Y and Kahler, AC and Smith, Donald L and Pritychenko, B and Arbanas, Goran and Arcilla, R and others},
  journal={Nuclear data sheets},
  volume={112},
  number={12},
  pages={2887--2996},
  year={2011},
  publisher={Elsevier}
}


@article{romano2013openmc,
  title={The OpenMC monte carlo particle transport code},
  author={Romano, Paul K and Forget, Benoit},
  journal={Annals of Nuclear Energy},
  volume={51},
  pages={274--281},
  year={2013},
  publisher={Elsevier}
}

@article{josey2016windowed,
  title={Windowed multipole for cross section Doppler broadening},
  author={Josey, Colin and Ducru, Pablo and Forget, Benoit and Smith, Kord},
  journal={Journal of Computational Physics},
  volume={307},
  pages={715--727},
  year={2016},
  publisher={Elsevier}
}

@article{hwang1987rigorous,
  title={A rigorous pole representation of multilevel cross sections and its practical applications},
  author={Hwang, Richard N},
  journal={Nuclear Science and Engineering},
  volume={96},
  number={3},
  pages={192--209},
  year={1987},
  publisher={Taylor \& Francis}
}

@article{rochman2014efficient,
  title={Efficient use of Monte Carlo: uncertainty propagation},
  author={Rochman, Dimitri and Zwermann, W and Marck, SC van der and Koning, AJ and Sj{\"o}strand, Henrik and Helgesson, Petter and Krzykacz-Hausmann, B},
  journal={Nuclear Science and Engineering},
  volume={177},
  number={3},
  pages={337--349},
  year={2014},
  publisher={Taylor \& Francis}
}

@article{rochman2011,
  title={Nuclear data uncertainty propagation: Perturbation vs. Monte Carlo},
  volume={38},
  DOI={10.1016/j.anucene.2011.01.026},
  number={5},
  journal={Annals of Nuclear Energy},
  author={Rochman, D. and Koning, A.J. and Marck, S.C. Van Der and Hogenbirk, A. and Sciolla, C.M.},
  year={2011},
  pages={942–952}
}

@techreport{mclane2001endf,
  title={ENDF-102 data formats and procedures for the evaluated nuclear data file ENDF-6},
  author={McLane, V},
  year={2001},
  institution={Brookhaven National Lab.}
}

@article{koning2012modern,
  title={Modern nuclear data evaluation with the TALYS code system},
  author={Koning, Arjan J and Rochman, Dimitri},
  journal={Nuclear data sheets},
  volume={113},
  number={12},
  pages={2841--2934},
  year={2012},
  publisher={Elsevier}
}

@article{fast_TMC,
author = {Rochman, D and Zwermann, W and Koning, A and al.},
journal = {Nuclear Science and Engineering},
pages = {337--349},
title = {Nuclear data uncertainty propagation: Perturbation vs. Monte Carlo},
volume = {177},
year = {2014}
}

@article{Hwang_1987,
author = {Hwang, Richard N},
journal = {Nucl. Sci. Eng.},
pages = {192--209},
title = {{A rigorous pole representation of multilevel cross sections and its practical applications}},
volume = {96},
year = {1987}
}


@article{perfettiGPT,
author = {Christopher M. Perfetti and Bradley T. Rearden},
title = {Development of a Generalized Perturbation Theory Method for Sensitivity Analysis Using Continuous-Energy Monte Carlo Methods},
journal = {Nuclear Science and Engineering},
volume = {182},
number = {3},
pages = {354-368},
year  = {2016},
publisher = {Taylor & Francis},
doi = {10.13182/NSE15-13},
eprint = {https://doi.org/10.13182/NSE15-13}



@article{PENG2017362,
title = "Development of continuous-energy sensitivity analysis capability in OpenMC",
journal = "Annals of Nuclear Energy",
volume = "110",
pages = "362 - 383",
year = "2017",
issn = "0306-4549",
doi = "https://doi.org/10.1016/j.anucene.2017.06.061",
author = "Xingjie Peng and Jingang Liang and Abdulla Alhajri and Benoit Forget and Kord Smith",
keywords = "Monte Carlo, Sensitivity analysis, IFP, CLUTCH, Nuclear data, OpenMC"
}

@article{casmo4_2012, title={Perturbation-Theory-Based Sensitivity and Uncertainty Analysis with CASMO-4}, volume={2012}, DOI={10.1155/2012/157029}, journal={Science and Technology of Nuclear Installations}, author={Pusa, Maria}, year={2012}, pages={1–11}}

@article{famoc_2016, title={Synchronized forward-adjoint neutron transport using method of characteristics}, volume={92}, DOI={10.1016/j.pnucene.2016.07.015}, journal={Progress in Nuclear Energy}, author={Shokueifar, V. and Zangian, M. and Minuchehr, A. and Zolfaghari, A.}, year={2016}, pages={211–219}}

@article{ass_2007, title={Perturbation Theory Based on the Method of Cyclic Characteristics}, volume={157}, DOI={10.13182/nse07-a2711}, number={1}, journal={Nuclear Science and Engineering}, author={Assawaroongruengchot, M. and Marleau, G.}, year={2007}, pages={30–50}}

@ARTICLE{tramm_2017,
   author = {{Tramm}, J.~R. and {Smith}, K.~S. and {Forget}, B. and {Siegel}, A.~R.
	},
    title = "{The Random Ray Method for neutral particle transport}",
  journal = {Journal of Computational Physics},
 keywords = {Method of characteristics, Neutron transport, Reactor simulation, High performance computing, Stochastic methods},
     year = 2017,
    month = aug,
   volume = 342,
    pages = {229-252},
      doi = {10.1016/j.jcp.2017.04.038},
   adsurl = {http://adsabs.harvard.edu/abs/2017JCoPh.342..229T},
  adsnote = {Provided by the SAO/NASA Astrophysics Data System}
}

@ARTICLE{boyd_2014, title={The OpenMOC method of characteristics neutral particle transport code}, volume={68}, DOI={10.1016/j.anucene.2013.12.012}, journal={Annals of Nuclear Energy}, author={Boyd, William and Shaner, Samuel and Li, Lulu and Forget, Benoit and Smith, Kord}, year={2014}, pages={43–52}}
